@inproceedings{li2018mitigating,
  title={Mitigating CSRF attacks on OAuth 2.0 Systems},
  author={Li, Wanpeng and Mitchell, Chris J and Chen, Thomas},
  booktitle={2018 16th Annual Conference on Privacy, Security and Trust (PST)},
  pages={1--5},
  year={2018},
  organization={IEEE}
}

@inproceedings{barth2008robust,
  title={Robust defenses for cross-site request forgery},
  author={Barth, Adam and Jackson, Collin and Mitchell, John C},
  booktitle={Proceedings of the 15th ACM conference on Computer and communications security},
  pages={75--88},
  year={2008},
  organization={ACM}
}

@misc{owasptopten,
    key = {owasptopten},
	title = {{Category:OWASP Top Ten Project - OWASP}},
	note = {[Online; accessed 24. Nov. 2018]},
	howpublished = {\url{https://www.owasp.org/index.php/Category:OWASP\_Top\_Ten\_Project}}
}

@misc{Goodwin2018Nov,
	author = {Goodwin, Mark and West, Mike},
	title = {{Same-site Cookies}},
	year = {2016},
	month = {Apr},
	note = {[Online; accessed 25. Nov. 2018]},
	howpublished = {\url{https://tools.ietf.org/html/draft-west-first-party-cookies-07}}
}

@misc{Hardt2018Nov,
	author = {Hardt, Dick},
	title = {{The OAuth 2.0 Authorization Framework}},
	year = {2012},
	month = {Oct},
	note = {[Online; accessed 25. Nov. 2018]},
	howpublished = {\url{https://tools.ietf.org/html/rfc6749}}
}

@misc{oauthinplainenglish,
	title = {{OAuth and OpenID Connect in plain English}},
	journal = {Speaker Deck},
	year = {2017},
	month = {Sep},
	note = {[Online; accessed 25. Nov. 2018]},
	url = {https://speakerdeck.com/nbarbettini/oauth-and-openid-connect-in-plain-english?slide=27}
}
















